%% This BibTeX bibliography file was created using BibDesk.
%% http://bibdesk.sourceforge.net/


%% Created for johnsojh at 2010-12-09 15:42:10 -0500 


%% Saved with string encoding Unicode (UTF-8) 



@article{Szemeredi:1975uq,
	Author = {Endre Szemer\'{e}di},
	Date-Added = {2010-12-09 15:39:57 -0500},
	Date-Modified = {2010-12-09 15:41:44 -0500},
	Journal = {Acta Arithmetica},
	Pages = {199--245},
	Title = {On sets of integers containing no $k$ elements in arithmetic progression},
	Volume = {27},
	Year = {1975},
	Bdsk-File-1 = {YnBsaXN0MDDUAQIDBAUGCQpYJHZlcnNpb25UJHRvcFkkYXJjaGl2ZXJYJG9iamVjdHMSAAGGoNEHCFRyb290gAFfEA9OU0tleWVkQXJjaGl2ZXKoCwwXGBkdJCVVJG51bGzTDQ4PEBEUViRjbGFzc1dOUy5rZXlzWk5TLm9iamVjdHOAB6ISE4ACgAOiFRaABIAGWWFsaWFzRGF0YVxyZWxhdGl2ZVBhdGjSDRobHFdOUy5kYXRhgAVPEQNEAAAAAANEAAIAAAdqb2huampyAAAAAAAAAAAAAAAAAAAAAAAAAADJDAlDSCsABQAAAJwLYWEyNzEzMi5wZGYAAAAAAAAAAAAAAAAAAAAAAAAAAAAAAAAAAAAAAAAAAAAAAAAAAAAAAAAAAAAAAAAAAAAAAAACH8kIX8wAAAAAAAAAAP////8AAA0CAAAAAAAAAAAAAAAAAAAAAVMAABAACAAAyQxPkwAAABEACAAAyQimHAAAAAEADAAAAJwAAAB/AAAARgACACZqb2huampyOkRvY3VtZW50czpwYXBlcnM6UzphYTI3MTMyLnBkZgAOABgACwBhAGEAMgA3ADEAMwAyAC4AcABkAGYADwAQAAcAagBvAGgAbgBqAGoAcgASAB8vRG9jdW1lbnRzL3BhcGVycy9TL2FhMjcxMzIucGRmAAATABAvVm9sdW1lcy9qb2huampyABQB2gAAAAAB2gACAAEMTWFjaW50b3NoIEhEAAAAAAAAAAAAAAAAAAAAyHmiskgrAAAADfz3GmpvaG5qanJfaURpc2suc3BhcnNlYnVuZGxlAAAAAAAAAAAAAAAAAAAAAAAAAAAAAAAAAAAAAAAAAAAAAAAAAAAXhS/JDAlDAAAAAAAAAAD/////AAAJIAAAAAAAAAAAAAAAAAAAAAwwMDI1MDBhMjZmNjQAEAAIAADIedryAAAAEQAIAADJDE+TAAAAAQAUAA389wAN/PYACojGAAqIxQAAfGwAAgBQTWFjaW50b3NoIEhEOlVzZXJzOkpvaG46TGlicmFyeTpGaWxlU3luYzowMDI1MDBhMjZmNjQ6am9obmpqcl9pRGlzay5zcGFyc2VidW5kbGUADgA2ABoAagBvAGgAbgBqAGoAcgBfAGkARABpAHMAawAuAHMAcABhAHIAcwBlAGIAdQBuAGQAbABlAA8AGgAMAE0AYQBjAGkAbgB0AG8AcwBoACAASABEABIAQ1VzZXJzL0pvaG4vTGlicmFyeS9GaWxlU3luYy8wMDI1MDBhMjZmNjQvam9obmpqcl9pRGlzay5zcGFyc2VidW5kbGUAABMAAS8AABUAAgAL//8AAAAWAAdqb2huampyAP//AADSHh8gIVgkY2xhc3Nlc1okY2xhc3NuYW1loyEiI11OU011dGFibGVEYXRhVk5TRGF0YVhOU09iamVjdF8QOi4uLy4uLy4uLy4uL1ZvbHVtZXMvam9obmpqci9Eb2N1bWVudHMvcGFwZXJzL1MvYWEyNzEzMi5wZGbSHh8mJ6InI1xOU0RpY3Rpb25hcnkACAARABoAHwApADIANwA6AD8AQQBTAFwAYgBpAHAAeACDAIUAiACKAIwAjwCRAJMAnQCqAK8AtwC5BAEEBgQPBBoEHgQsBDMEPAR5BH4EgQAAAAAAAAIBAAAAAAAAACgAAAAAAAAAAAAAAAAAAASO}}

@article{Erdos:1936fk,
	Author = {Paul Erd\H{o}s and Paul Tur\'{a}n},
	Date-Added = {2010-12-09 15:24:26 -0500},
	Date-Modified = {2010-12-09 15:25:09 -0500},
	Journal = {Journal of the London Mathematical Society},
	Month = {October},
	Number = {4},
	Pages = {261--264},
	Title = {On Some Sequences of Integers},
	Volume = {11},
	Year = {1936},
	Bdsk-File-1 = {YnBsaXN0MDDUAQIDBAUGCQpYJHZlcnNpb25UJHRvcFkkYXJjaGl2ZXJYJG9iamVjdHMSAAGGoNEHCFRyb290gAFfEA9OU0tleWVkQXJjaGl2ZXKoCwwXGBkdJCVVJG51bGzTDQ4PEBEUViRjbGFzc1dOUy5rZXlzWk5TLm9iamVjdHOAB6ISE4ACgAOiFRaABIAGWWFsaWFzRGF0YVxyZWxhdGl2ZVBhdGjSDRobHFdOUy5kYXRhgAVPEQNEAAAAAANEAAIAAAdqb2huampyAAAAAAAAAAAAAAAAAAAAAAAAAADJDAlDSCsABQAAAIYLMTkzNi0wNS5wZGYAAAAAAAAAAAAAAAAAAAAAAAAAAAAAAAAAAAAAAAAAAAAAAAAAAAAAAAAAAAAAAAAAAAAAAAABU8kIUAoAAAAAAAAAAP////8AAA0CAAAAAAAAAAAAAAAAAAAAAUUAABAACAAAyQxPkwAAABEACAAAyQiWWgAAAAEADAAAAIYAAAB/AAAARgACACZqb2huampyOkRvY3VtZW50czpwYXBlcnM6RToxOTM2LTA1LnBkZgAOABgACwAxADkAMwA2AC0AMAA1AC4AcABkAGYADwAQAAcAagBvAGgAbgBqAGoAcgASAB8vRG9jdW1lbnRzL3BhcGVycy9FLzE5MzYtMDUucGRmAAATABAvVm9sdW1lcy9qb2huampyABQB2gAAAAAB2gACAAEMTWFjaW50b3NoIEhEAAAAAAAAAAAAAAAAAAAAyHmiskgrAAAADfz3GmpvaG5qanJfaURpc2suc3BhcnNlYnVuZGxlAAAAAAAAAAAAAAAAAAAAAAAAAAAAAAAAAAAAAAAAAAAAAAAAAAAXhS/JDAlDAAAAAAAAAAD/////AAAJIAAAAAAAAAAAAAAAAAAAAAwwMDI1MDBhMjZmNjQAEAAIAADIedryAAAAEQAIAADJDE+TAAAAAQAUAA389wAN/PYACojGAAqIxQAAfGwAAgBQTWFjaW50b3NoIEhEOlVzZXJzOkpvaG46TGlicmFyeTpGaWxlU3luYzowMDI1MDBhMjZmNjQ6am9obmpqcl9pRGlzay5zcGFyc2VidW5kbGUADgA2ABoAagBvAGgAbgBqAGoAcgBfAGkARABpAHMAawAuAHMAcABhAHIAcwBlAGIAdQBuAGQAbABlAA8AGgAMAE0AYQBjAGkAbgB0AG8AcwBoACAASABEABIAQ1VzZXJzL0pvaG4vTGlicmFyeS9GaWxlU3luYy8wMDI1MDBhMjZmNjQvam9obmpqcl9pRGlzay5zcGFyc2VidW5kbGUAABMAAS8AABUAAgAL//8AAAAWAAdqb2huampyAP//AADSHh8gIVgkY2xhc3Nlc1okY2xhc3NuYW1loyEiI11OU011dGFibGVEYXRhVk5TRGF0YVhOU09iamVjdF8QOi4uLy4uLy4uLy4uL1ZvbHVtZXMvam9obmpqci9Eb2N1bWVudHMvcGFwZXJzL0UvMTkzNi0wNS5wZGbSHh8mJ6InI1xOU0RpY3Rpb25hcnkACAARABoAHwApADIANwA6AD8AQQBTAFwAYgBpAHAAeACDAIUAiACKAIwAjwCRAJMAnQCqAK8AtwC5BAEEBgQPBBoEHgQsBDMEPAR5BH4EgQAAAAAAAAIBAAAAAAAAACgAAAAAAAAAAAAAAAAAAASO}}

@book{Ellis:1969zr,
	Author = {Robert Ellis},
	Date-Added = {2010-12-09 01:30:18 -0500},
	Date-Modified = {2010-12-09 01:32:15 -0500},
	Publisher = {W. A. Benjamin},
	Series = {Mathematics Lecture Note Series},
	Title = {Lectures on Topological Dynamics},
	Year = {1969}}

@webpage{Yuan:2010ys,
	Author = {Qiaochu Yuan},
	Date-Added = {2010-12-08 23:45:51 -0500},
	Date-Modified = {2010-12-08 23:48:59 -0500},
	Keywords = {category theory, commutative algebra, logic and set theory, order theory, topology},
	Lastchecked = {December 8, 2010},
	Month = {November 22},
	Title = {Boolean rings, ultrafilters, and Stone's representation theorem},
	Url = {http://qchu.wordpress.com/2010/11/22/boolean-rings-ultrafilters-and-stones-representation-theorem/},
	Year = {2010},
	Bdsk-Url-1 = {http://qchu.wordpress.com/2010/11/22/boolean-rings-ultrafilters-and-stones-representation-theorem/}}

@webpage{UFsocial2:2009vn,
	Date-Added = {2010-12-08 23:44:36 -0500},
	Date-Modified = {2010-12-08 23:45:36 -0500},
	Lastchecked = {December 8, 2010},
	Month = {November 5},
	Title = {Ultrafilters and Social Choice II},
	Url = {http://algorithmicallyincompressible.wordpress.com/2009/11/05/ultrafilters-and-social-choice-ii/},
	Year = {2009},
	Bdsk-Url-1 = {http://algorithmicallyincompressible.wordpress.com/2009/11/05/ultrafilters-and-social-choice-ii/}}

@webpage{UFsocial:2009kx,
	Date-Added = {2010-12-08 23:41:15 -0500},
	Date-Modified = {2010-12-08 23:44:33 -0500},
	Lastchecked = {December 8, 2010},
	Month = {August 11},
	Title = {Ultrafilters and Social Choice},
	Url = {http://algorithmicallyincompressible.wordpress.com/2009/08/11/ultrafilters-and-social-choice/},
	Year = {2009},
	Bdsk-Url-1 = {http://algorithmicallyincompressible.wordpress.com/2009/08/11/ultrafilters-and-social-choice/}}

@webpage{Tao:2007uq,
	Author = {Terence Tao},
	Date-Added = {2010-12-08 23:22:12 -0500},
	Date-Modified = {2010-12-09 01:42:31 -0500},
	Keywords = {epsilon management, hard analysis, Landau notation, nonstandard analysis, soft analysis, ultrafilters},
	Lastchecked = {December 8, 2010},
	Month = {June 25},
	Title = {Ultrafilters, nonstandard analysis, and epsilon management},
	Url = {http://terrytao.wordpress.com/2007/06/25/ultrafilters-nonstandard-analysis-and-epsilon-management/},
	Year = {2007},
	Bdsk-Url-1 = {http://terrytao.wordpress.com/2007/06/25/ultrafilters-nonstandard-analysis-and-epsilon-management/}}

@url{Gowers:zr,
	Author = {Timothy Gowers},
	Date-Added = {2010-12-04 02:22:00 -0500},
	Date-Modified = {2010-12-04 02:26:41 -0500},
	Keywords = {ultrafilters, compactifications, generalized limit, idempotent, non-principal ultrafilter, ramsey theory},
	Lastchecked = {December 4, 2010 at 2:22am},
	Title = {How to use ultrafilters},
	Url = {http://www.tricki.org/article/How_to_use_ultrafilters},
	Urldate = {11/07/2009},
	Bdsk-Url-1 = {http://www.tricki.org/article/How_to_use_ultrafilters}}

@article{Davenport:1987uq,
	Author = {Dennis Davenport and Neil Hindman},
	Date-Added = {2010-12-04 02:14:27 -0500},
	Date-Modified = {2010-12-04 02:15:05 -0500},
	Journal = {Semigroup Forum},
	Pages = {223--245},
	Title = {Subprincipal Closed Ideals in $\beta\mathbb{N}$},
	Volume = {36},
	Year = {1987}}

@article{Komjath:2008fk,
	Author = {P\'{e}ter Komj\'{a}th and Vilmos Totik},
	Date-Added = {2010-12-04 02:12:47 -0500},
	Date-Modified = {2010-12-04 02:13:52 -0500},
	Journal = {American Mathematical Monthly},
	Number = {1},
	Pages = {33--43},
	Title = {Ultrafilters},
	Volume = {115},
	Year = {2008}}

@article{Roth:1953fk,
	Author = {Roth, K.F.},
	Date-Added = {2010-12-04 02:09:23 -0500},
	Date-Modified = {2010-12-04 02:10:40 -0500},
	Journal = {Journal of the London Mathematical Society},
	Number = {9},
	Pages = {1--6},
	Title = {On Certain Sets of Integers},
	Volume = {104},
	Year = {1953},
	Bdsk-File-1 = {YnBsaXN0MDDUAQIDBAUGCQpYJHZlcnNpb25UJHRvcFkkYXJjaGl2ZXJYJG9iamVjdHMSAAGGoNEHCFRyb290gAFfEA9OU0tleWVkQXJjaGl2ZXKoCwwXGBkdJCVVJG51bGzTDQ4PEBEUViRjbGFzc1dOUy5rZXlzWk5TLm9iamVjdHOAB6ISE4ACgAOiFRaABIAGWWFsaWFzRGF0YVxyZWxhdGl2ZVBhdGjSDRobHFdOUy5kYXRhgAVPEQOuAAAAAAOuAAIAAAdqb2huampyAAAAAAAAAAAAAAAAAAAAAAAAAADJDAlDSCsABQAAAJofSi4gTG9uZG9uIE1hdGguIFNvYy4tMTkjMjFELnBkZgAAAAAAAAAAAAAAAAAAAAAAAAAAAAAAAAAAAAAAAAAAAAACHckJftgAAAAAAAAAAP////8AAA0CAAAAAAAAAAAAAAAAAAAAAVIAABAACAAAyQxPkwAAABEACAAAyQnFKAAAAAEADAAAAJoAAAB/AAAARgACADpqb2huampyOkRvY3VtZW50czpwYXBlcnM6UjpKLiBMb25kb24gTWF0aC4gU29jLi0xOSMyMUQucGRmAA4AUgAoAEoALgAgAEwAbwBuAGQAbwBuACAATQBhAHQAaAAuACAAUwBvAGMALgAtADEAOQA1ADMALQBSAG8AdABoAC0AMQAwADQALQA5AC4AcABkAGYADwAQAAcAagBvAGgAbgBqAGoAcgASADwvRG9jdW1lbnRzL3BhcGVycy9SL0ouIExvbmRvbiBNYXRoLiBTb2MuLTE5NTMtUm90aC0xMDQtOS5wZGYAEwAQL1ZvbHVtZXMvam9obmpqcgAUAdoAAAAAAdoAAgABDE1hY2ludG9zaCBIRAAAAAAAAAAAAAAAAAAAAMh5orJIKwAAAA389xpqb2huampyX2lEaXNrLnNwYXJzZWJ1bmRsZQAAAAAAAAAAAAAAAAAAAAAAAAAAAAAAAAAAAAAAAAAAAAAAAAAAF4UvyQwJQwAAAAAAAAAA/////wAACSAAAAAAAAAAAAAAAAAAAAAMMDAyNTAwYTI2ZjY0ABAACAAAyHna8gAAABEACAAAyQxPkwAAAAEAFAAN/PcADfz2AAqIxgAKiMUAAHxsAAIAUE1hY2ludG9zaCBIRDpVc2VyczpKb2huOkxpYnJhcnk6RmlsZVN5bmM6MDAyNTAwYTI2ZjY0OmpvaG5qanJfaURpc2suc3BhcnNlYnVuZGxlAA4ANgAaAGoAbwBoAG4AagBqAHIAXwBpAEQAaQBzAGsALgBzAHAAYQByAHMAZQBiAHUAbgBkAGwAZQAPABoADABNAGEAYwBpAG4AdABvAHMAaAAgAEgARAASAENVc2Vycy9Kb2huL0xpYnJhcnkvRmlsZVN5bmMvMDAyNTAwYTI2ZjY0L2pvaG5qanJfaURpc2suc3BhcnNlYnVuZGxlAAATAAEvAAAVAAIAC///AAAAFgAHam9obmpqcgD//wAA0h4fICFYJGNsYXNzZXNaJGNsYXNzbmFtZaMhIiNdTlNNdXRhYmxlRGF0YVZOU0RhdGFYTlNPYmplY3RfEFcuLi8uLi8uLi8uLi9Wb2x1bWVzL2pvaG5qanIvRG9jdW1lbnRzL3BhcGVycy9SL0ouIExvbmRvbiBNYXRoLiBTb2MuLTE5NTMtUm90aC0xMDQtOS5wZGbSHh8mJ6InI1xOU0RpY3Rpb25hcnkACAARABoAHwApADIANwA6AD8AQQBTAFwAYgBpAHAAeACDAIUAiACKAIwAjwCRAJMAnQCqAK8AtwC5BGsEcAR5BIQEiASWBJ0EpgUABQUFCAAAAAAAAAIBAAAAAAAAACgAAAAAAAAAAAAAAAAAAAUV}}

@article{Baumgartner:1974uq,
	Author = {James E. Baumgartner},
	Date-Added = {2010-12-02 20:53:35 -0500},
	Date-Modified = {2010-12-02 20:54:55 -0500},
	Journal = {Journal of Combinatorial Theory. Series A},
	Pages = {384--386},
	Title = {A short proof of Hindman's Theorem},
	Volume = {17},
	Year = {1974}}

@article{Milliken:1978fk,
	Author = {Milliken, Keith R.},
	Date-Added = {2010-12-02 20:52:21 -0500},
	Date-Modified = {2010-12-02 20:53:02 -0500},
	Journal = {Journal of Combinatorial Theory. Series A},
	Number = {2},
	Pages = {174--180},
	Title = {Hindman's theorem and groups},
	Volume = {25},
	Year = {1978}}

@article{Hindman:1972zr,
	Author = {Neil Hindman},
	Date-Added = {2010-12-02 15:56:55 -0500},
	Date-Modified = {2010-12-02 15:58:27 -0500},
	Journal = {Proceedings of the American Mathematical Society},
	Month = {December},
	Number = {2},
	Pages = {341--346},
	Title = {The Existence of Certain Ultrafilters on $\mathbb{N}$ and a Conjecture of Graham and Rothschild},
	Volume = {36},
	Year = {1972},
	Bdsk-File-1 = {YnBsaXN0MDDUAQIDBAUGCQpYJHZlcnNpb25UJHRvcFkkYXJjaGl2ZXJYJG9iamVjdHMSAAGGoNEHCFRyb290gAFfEA9OU0tleWVkQXJjaGl2ZXKoCwwXGBkdJCVVJG51bGzTDQ4PEBEUViRjbGFzc1dOUy5rZXlzWk5TLm9iamVjdHOAB6ISE4ACgAOiFRaABIAGWWFsaWFzRGF0YVxyZWxhdGl2ZVBhdGjSDRobHFdOUy5kYXRhgAVPEQNEAAAAAANEAAIAAAdqb2huampyAAAAAAAAAAAAAAAAAAAAAAAAAADJDAlDSCsABQAAAIwLMjAzOTE1Ni5wZGYAAAAAAAAAAAAAAAAAAAAAAAAAAAAAAAAAAAAAAAAAAAAAAAAAAAAAAAAAAAAAAAAAAAAAAAAC4skdceAAAAAAAAAAAP////8AAA0CAAAAAAAAAAAAAAAAAAAAAUgAABAACAAAyQxPkwAAABEACAAAyR24MAAAAAEADAAAAIwAAAB/AAAARgACACZqb2huampyOkRvY3VtZW50czpwYXBlcnM6SDoyMDM5MTU2LnBkZgAOABgACwAyADAAMwA5ADEANQA2AC4AcABkAGYADwAQAAcAagBvAGgAbgBqAGoAcgASAB8vRG9jdW1lbnRzL3BhcGVycy9ILzIwMzkxNTYucGRmAAATABAvVm9sdW1lcy9qb2huampyABQB2gAAAAAB2gACAAEMTWFjaW50b3NoIEhEAAAAAAAAAAAAAAAAAAAAyHmiskgrAAAADfz3GmpvaG5qanJfaURpc2suc3BhcnNlYnVuZGxlAAAAAAAAAAAAAAAAAAAAAAAAAAAAAAAAAAAAAAAAAAAAAAAAAAAXhS/JDAlDAAAAAAAAAAD/////AAAJIAAAAAAAAAAAAAAAAAAAAAwwMDI1MDBhMjZmNjQAEAAIAADIedryAAAAEQAIAADJDE+TAAAAAQAUAA389wAN/PYACojGAAqIxQAAfGwAAgBQTWFjaW50b3NoIEhEOlVzZXJzOkpvaG46TGlicmFyeTpGaWxlU3luYzowMDI1MDBhMjZmNjQ6am9obmpqcl9pRGlzay5zcGFyc2VidW5kbGUADgA2ABoAagBvAGgAbgBqAGoAcgBfAGkARABpAHMAawAuAHMAcABhAHIAcwBlAGIAdQBuAGQAbABlAA8AGgAMAE0AYQBjAGkAbgB0AG8AcwBoACAASABEABIAQ1VzZXJzL0pvaG4vTGlicmFyeS9GaWxlU3luYy8wMDI1MDBhMjZmNjQvam9obmpqcl9pRGlzay5zcGFyc2VidW5kbGUAABMAAS8AABUAAgAL//8AAAAWAAdqb2huampyAP//AADSHh8gIVgkY2xhc3Nlc1okY2xhc3NuYW1loyEiI11OU011dGFibGVEYXRhVk5TRGF0YVhOU09iamVjdF8QOi4uLy4uLy4uLy4uL1ZvbHVtZXMvam9obmpqci9Eb2N1bWVudHMvcGFwZXJzL0gvMjAzOTE1Ni5wZGbSHh8mJ6InI1xOU0RpY3Rpb25hcnkACAARABoAHwApADIANwA6AD8AQQBTAFwAYgBpAHAAeACDAIUAiACKAIwAjwCRAJMAnQCqAK8AtwC5BAEEBgQPBBoEHgQsBDMEPAR5BH4EgQAAAAAAAAIBAAAAAAAAACgAAAAAAAAAAAAAAAAAAASO}}

@article{Hindman:1974ys,
	Author = {Neil Hindman},
	Date-Added = {2010-12-02 15:55:35 -0500},
	Date-Modified = {2010-12-02 15:56:38 -0500},
	Journal = {Journal of Combinatorial Theory. Series A},
	Pages = {1--11},
	Title = {Finite sums from sequences within cells of a partition of $\mathbb{N}$},
	Volume = {17},
	Year = {1974}}

@article{Graham:1971vn,
	Author = {Graham, R.L. and Rothschild, B.L.},
	Date-Added = {2010-12-02 15:17:02 -0500},
	Date-Modified = {2010-12-02 15:19:15 -0500},
	Journal = {Transactions of the American Mathematical Society},
	Pages = {257--292},
	Title = {Ramsey's Theorem for $n$-Parameter Sets},
	Volume = {159},
	Year = {1971},
	Bdsk-File-1 = {YnBsaXN0MDDUAQIDBAUGCQpYJHZlcnNpb25UJHRvcFkkYXJjaGl2ZXJYJG9iamVjdHMSAAGGoNEHCFRyb290gAFfEA9OU0tleWVkQXJjaGl2ZXKoCwwXGBkdJCVVJG51bGzTDQ4PEBEUViRjbGFzc1dOUy5rZXlzWk5TLm9iamVjdHOAB6ISE4ACgAOiFRaABIAGWWFsaWFzRGF0YVxyZWxhdGl2ZVBhdGjSDRobHFdOUy5kYXRhgAVPEQNgAAAAAANgAAIAAAdqb2huampyAAAAAAAAAAAAAAAAAAAAAAAAAADJDAlDSCsABQAAAIoSNzFfMDRfbl9yYW1zZXkucGRmAAAAAAAAAAAAAAAAAAAAAAAAAAAAAAAAAAAAAAAAAAAAAAAAAAAAAAAAAAAAAAACrMkdaOkAAAAAAAAAAP////8AAA0CAAAAAAAAAAAAAAAAAAAAAUcAABAACAAAyQxPkwAAABEACAAAyR2vOQAAAAEADAAAAIoAAAB/AAAARgACAC1qb2huampyOkRvY3VtZW50czpwYXBlcnM6Rzo3MV8wNF9uX3JhbXNleS5wZGYAAA4AJgASADcAMQBfADAANABfAG4AXwByAGEAbQBzAGUAeQAuAHAAZABmAA8AEAAHAGoAbwBoAG4AagBqAHIAEgAmL0RvY3VtZW50cy9wYXBlcnMvRy83MV8wNF9uX3JhbXNleS5wZGYAEwAQL1ZvbHVtZXMvam9obmpqcgAUAdoAAAAAAdoAAgABDE1hY2ludG9zaCBIRAAAAAAAAAAAAAAAAAAAAMh5orJIKwAAAA389xpqb2huampyX2lEaXNrLnNwYXJzZWJ1bmRsZQAAAAAAAAAAAAAAAAAAAAAAAAAAAAAAAAAAAAAAAAAAAAAAAAAAF4UvyQwJQwAAAAAAAAAA/////wAACSAAAAAAAAAAAAAAAAAAAAAMMDAyNTAwYTI2ZjY0ABAACAAAyHna8gAAABEACAAAyQxPkwAAAAEAFAAN/PcADfz2AAqIxgAKiMUAAHxsAAIAUE1hY2ludG9zaCBIRDpVc2VyczpKb2huOkxpYnJhcnk6RmlsZVN5bmM6MDAyNTAwYTI2ZjY0OmpvaG5qanJfaURpc2suc3BhcnNlYnVuZGxlAA4ANgAaAGoAbwBoAG4AagBqAHIAXwBpAEQAaQBzAGsALgBzAHAAYQByAHMAZQBiAHUAbgBkAGwAZQAPABoADABNAGEAYwBpAG4AdABvAHMAaAAgAEgARAASAENVc2Vycy9Kb2huL0xpYnJhcnkvRmlsZVN5bmMvMDAyNTAwYTI2ZjY0L2pvaG5qanJfaURpc2suc3BhcnNlYnVuZGxlAAATAAEvAAAVAAIAC///AAAAFgAHam9obmpqcgD//wAA0h4fICFYJGNsYXNzZXNaJGNsYXNzbmFtZaMhIiNdTlNNdXRhYmxlRGF0YVZOU0RhdGFYTlNPYmplY3RfEEEuLi8uLi8uLi8uLi9Wb2x1bWVzL2pvaG5qanIvRG9jdW1lbnRzL3BhcGVycy9HLzcxXzA0X25fcmFtc2V5LnBkZtIeHyYnoicjXE5TRGljdGlvbmFyeQAIABEAGgAfACkAMgA3ADoAPwBBAFMAXABiAGkAcAB4AIMAhQCIAIoAjACPAJEAkwCdAKoArwC3ALkEHQQiBCsENgQ6BEgETwRYBJwEoQSkAAAAAAAAAgEAAAAAAAAAKAAAAAAAAAAAAAAAAAAABLE=}}

@article{Rado:1933kx,
	Author = {Richard Rado},
	Date-Added = {2010-12-02 15:13:41 -0500},
	Date-Modified = {2010-12-02 15:15:39 -0500},
	Journal = {Mathematische Zeitschrift},
	Number = {1},
	Pages = {424--470},
	Title = {Studien zur Kombinatorik},
	Volume = {36},
	Year = {1933}}

@phdthesis{Sanders:1968uq,
	Author = {Sanders, Jon Henry},
	Date-Added = {2010-12-02 15:08:11 -0500},
	Date-Modified = {2010-12-02 15:11:47 -0500},
	School = {Yale University},
	Title = {A Generalization of Schur's Theorem},
	Year = {1968}}

@article{Schur:1916fk,
	Author = {Issai Schur},
	Date-Added = {2010-12-02 14:58:39 -0500},
	Date-Modified = {2010-12-02 15:07:56 -0500},
	Journal = {Jahresbericht der Deutschen Mathematiker-Vereinigung},
	Pages = {114--117},
	Title = {\"{U}ber die Kongruenz $x^m +y^m = z^m \pmod{p}$},
	Volume = {25},
	Year = {1916}}

@article{De:2008uq,
	Author = {De, Dibyendu and Neil Hindman and Dona Strauss},
	Date-Added = {2010-11-24 21:29:21 -0500},
	Date-Modified = {2010-11-24 21:35:15 -0500},
	Journal = {Fundamenta Mathematicae},
	Pages = {155--175},
	Title = {A New and Stronger Central Sets Theorem},
	Volume = {199},
	Year = {2008},
	Bdsk-File-1 = {YnBsaXN0MDDUAQIDBAUGCQpYJHZlcnNpb25UJHRvcFkkYXJjaGl2ZXJYJG9iamVjdHMSAAGGoNEHCFRyb290gAFfEA9OU0tleWVkQXJjaGl2ZXKoCwwXGBkdJCVVJG51bGzTDQ4PEBEUViRjbGFzc1dOUy5rZXlzWk5TLm9iamVjdHOAB6ISE4ACgAOiFRaABIAGWWFsaWFzRGF0YVxyZWxhdGl2ZVBhdGjSDRobHFdOUy5kYXRhgAVPEQNQAAAAAANQAAIAAAdqb2huampyAAAAAAAAAAAAAAAAAAAAAAAAAADJDAlDSCsABQAAAIQObmV3Y2VudHJhbC5wZGYAAAAAAAAAAAAAAAAAAAAAAAAAAAAAAAAAAAAAAAAAAAAAAAAAAAAAAAAAAAAAAAAAAAABUcjIujAAAAAAAAAAAP////8AAA0CAAAAAAAAAAAAAAAAAAAAAUQAABAACAAAyQxPkwAAABEACAAAyMjycAAAAAEADAAAAIQAAAB/AAAARgACAClqb2huampyOkRvY3VtZW50czpwYXBlcnM6RDpuZXdjZW50cmFsLnBkZgAADgAeAA4AbgBlAHcAYwBlAG4AdAByAGEAbAAuAHAAZABmAA8AEAAHAGoAbwBoAG4AagBqAHIAEgAiL0RvY3VtZW50cy9wYXBlcnMvRC9uZXdjZW50cmFsLnBkZgATABAvVm9sdW1lcy9qb2huampyABQB2gAAAAAB2gACAAEMTWFjaW50b3NoIEhEAAAAAAAAAAAAAAAAAAAAyHmiskgrAAAADfz3GmpvaG5qanJfaURpc2suc3BhcnNlYnVuZGxlAAAAAAAAAAAAAAAAAAAAAAAAAAAAAAAAAAAAAAAAAAAAAAAAAAAXhS/JDAlDAAAAAAAAAAD/////AAAJIAAAAAAAAAAAAAAAAAAAAAwwMDI1MDBhMjZmNjQAEAAIAADIedryAAAAEQAIAADJDE+TAAAAAQAUAA389wAN/PYACojGAAqIxQAAfGwAAgBQTWFjaW50b3NoIEhEOlVzZXJzOkpvaG46TGlicmFyeTpGaWxlU3luYzowMDI1MDBhMjZmNjQ6am9obmpqcl9pRGlzay5zcGFyc2VidW5kbGUADgA2ABoAagBvAGgAbgBqAGoAcgBfAGkARABpAHMAawAuAHMAcABhAHIAcwBlAGIAdQBuAGQAbABlAA8AGgAMAE0AYQBjAGkAbgB0AG8AcwBoACAASABEABIAQ1VzZXJzL0pvaG4vTGlicmFyeS9GaWxlU3luYy8wMDI1MDBhMjZmNjQvam9obmpqcl9pRGlzay5zcGFyc2VidW5kbGUAABMAAS8AABUAAgAL//8AAAAWAAdqb2huampyAP//AADSHh8gIVgkY2xhc3Nlc1okY2xhc3NuYW1loyEiI11OU011dGFibGVEYXRhVk5TRGF0YVhOU09iamVjdF8QPS4uLy4uLy4uLy4uL1ZvbHVtZXMvam9obmpqci9Eb2N1bWVudHMvcGFwZXJzL0QvbmV3Y2VudHJhbC5wZGbSHh8mJ6InI1xOU0RpY3Rpb25hcnkACAARABoAHwApADIANwA6AD8AQQBTAFwAYgBpAHAAeACDAIUAiACKAIwAjwCRAJMAnQCqAK8AtwC5BA0EEgQbBCYEKgQ4BD8ESASIBI0EkAAAAAAAAAIBAAAAAAAAACgAAAAAAAAAAAAAAAAAAASd}}

@article{Hindman:2010fk,
	Abstract = {\testsl{Central} subsets of a discrete semigroup $S$ have very strong combinatorial properties which are consequences of the \textsl{Central Sets Theorem}. We show here that, not only is the Cartesian product of two central sets central, but in fact the Cartesian product of any two sets satifying the conclusion of the Central Sets Theorem saisfies the conlusion of the Central Sets Theorem. Intimately related to the notion of a central set is something we call a $J$-set. These sets have many of the combinatorial properties of central sets and we show that this notion is also preserved under finite Cartesian products. Finally, we characterize when the Cartesian product of infinitely many sets is central. },
	Author = {Hindman, Neil and Dona Strauss},
	Date-Added = {2010-11-24 20:26:14 -0500},
	Date-Modified = {2010-11-24 20:30:17 -0500},
	Journal = {Topology Proceedings},
	Keywords = {Central Sets Theorem, Cartesian products, semigroups, Stone-\v{C}ech compactification, thick, piecewise syndetic},
	Pages = {203--223},
	Title = {Cartesian Products of Sets Satisfying the Central Sets Theorem},
	Volume = {35},
	Year = {2010},
	Bdsk-File-1 = {YnBsaXN0MDDUAQIDBAUGCQpYJHZlcnNpb25UJHRvcFkkYXJjaGl2ZXJYJG9iamVjdHMSAAGGoNEHCFRyb290gAFfEA9OU0tleWVkQXJjaGl2ZXKoCwwXGBkdJCVVJG51bGzTDQ4PEBEUViRjbGFzc1dOUy5rZXlzWk5TLm9iamVjdHOAB6ISE4ACgAOiFRaABIAGWWFsaWFzRGF0YVxyZWxhdGl2ZVBhdGjSDRobHFdOUy5kYXRhgAVPEQNgAAAAAANgAAIAAAdqb2huampyAAAAAAAAAAAAAAAAAAAAAAAAAADJDAlDSCsABQAAAIwSY2VudHJhbHByb2RsdHgucGRmAAAAAAAAAAAAAAAAAAAAAAAAAAAAAAAAAAAAAAAAAAAAAAAAAAAAAAAAAAAAAAABecjblM8AAAAAAAAAAP////8AAA0CAAAAAAAAAAAAAAAAAAAAAUgAABAACAAAyQxPkwAAABEACAAAyNvNDwAAAAEADAAAAIwAAAB/AAAARgACAC1qb2huampyOkRvY3VtZW50czpwYXBlcnM6SDpjZW50cmFscHJvZGx0eC5wZGYAAA4AJgASAGMAZQBuAHQAcgBhAGwAcAByAG8AZABsAHQAeAAuAHAAZABmAA8AEAAHAGoAbwBoAG4AagBqAHIAEgAmL0RvY3VtZW50cy9wYXBlcnMvSC9jZW50cmFscHJvZGx0eC5wZGYAEwAQL1ZvbHVtZXMvam9obmpqcgAUAdoAAAAAAdoAAgABDE1hY2ludG9zaCBIRAAAAAAAAAAAAAAAAAAAAMh5orJIKwAAAA389xpqb2huampyX2lEaXNrLnNwYXJzZWJ1bmRsZQAAAAAAAAAAAAAAAAAAAAAAAAAAAAAAAAAAAAAAAAAAAAAAAAAAF4UvyQwJQwAAAAAAAAAA/////wAACSAAAAAAAAAAAAAAAAAAAAAMMDAyNTAwYTI2ZjY0ABAACAAAyHna8gAAABEACAAAyQxPkwAAAAEAFAAN/PcADfz2AAqIxgAKiMUAAHxsAAIAUE1hY2ludG9zaCBIRDpVc2VyczpKb2huOkxpYnJhcnk6RmlsZVN5bmM6MDAyNTAwYTI2ZjY0OmpvaG5qanJfaURpc2suc3BhcnNlYnVuZGxlAA4ANgAaAGoAbwBoAG4AagBqAHIAXwBpAEQAaQBzAGsALgBzAHAAYQByAHMAZQBiAHUAbgBkAGwAZQAPABoADABNAGEAYwBpAG4AdABvAHMAaAAgAEgARAASAENVc2Vycy9Kb2huL0xpYnJhcnkvRmlsZVN5bmMvMDAyNTAwYTI2ZjY0L2pvaG5qanJfaURpc2suc3BhcnNlYnVuZGxlAAATAAEvAAAVAAIAC///AAAAFgAHam9obmpqcgD//wAA0h4fICFYJGNsYXNzZXNaJGNsYXNzbmFtZaMhIiNdTlNNdXRhYmxlRGF0YVZOU0RhdGFYTlNPYmplY3RfEEEuLi8uLi8uLi8uLi9Wb2x1bWVzL2pvaG5qanIvRG9jdW1lbnRzL3BhcGVycy9IL2NlbnRyYWxwcm9kbHR4LnBkZtIeHyYnoicjXE5TRGljdGlvbmFyeQAIABEAGgAfACkAMgA3ADoAPwBBAFMAXABiAGkAcAB4AIMAhQCIAIoAjACPAJEAkwCdAKoArwC3ALkEHQQiBCsENgQ6BEgETwRYBJwEoQSkAAAAAAAAAgEAAAAAAAAAKAAAAAAAAAAAAAAAAAAABLE=}}

@article{Mulvey:1997vn,
	Author = {Mulvey, Irene},
	Date-Added = {2010-11-21 23:50:13 -0500},
	Date-Modified = {2010-11-21 23:51:21 -0500},
	Journal = {Mathematics Magazine},
	Number = {5},
	Pages = {358--361},
	Title = {Recurent Ideas in Number Theory: The Multiple Birkhoff Recurrence Theorem Used to Prove van der Waerden's Theorem},
	Volume = {70},
	Year = {1997},
	Bdsk-File-1 = {YnBsaXN0MDDUAQIDBAUGCQpYJHZlcnNpb25UJHRvcFkkYXJjaGl2ZXJYJG9iamVjdHMSAAGGoNEHCFRyb290gAFfEA9OU0tleWVkQXJjaGl2ZXKoCwwXGBkdJCVVJG51bGzTDQ4PEBEUViRjbGFzc1dOUy5rZXlzWk5TLm9iamVjdHOAB6ISE4ACgAOiFRaABIAGWWFsaWFzRGF0YVxyZWxhdGl2ZVBhdGjSDRobHFdOUy5kYXRhgAVPEQNEAAAAAANEAAIAAAdqb2huampyAAAAAAAAAAAAAAAAAAAAAAAAAADJDAlDSCsABQAAAJYLMjY5MTE3Mi5wZGYAAAAAAAAAAAAAAAAAAAAAAAAAAAAAAAAAAAAAAAAAAAAAAAAAAAAAAAAAAAAAAAAAAAAAAAABtskLPKgAAAAAAAAAAP////8AAA0CAAAAAAAAAAAAAAAAAAAAAU0AABAACAAAyQxPkwAAABEACAAAyQuC+AAAAAEADAAAAJYAAAB/AAAARgACACZqb2huampyOkRvY3VtZW50czpwYXBlcnM6TToyNjkxMTcyLnBkZgAOABgACwAyADYAOQAxADEANwAyAC4AcABkAGYADwAQAAcAagBvAGgAbgBqAGoAcgASAB8vRG9jdW1lbnRzL3BhcGVycy9NLzI2OTExNzIucGRmAAATABAvVm9sdW1lcy9qb2huampyABQB2gAAAAAB2gACAAEMTWFjaW50b3NoIEhEAAAAAAAAAAAAAAAAAAAAyHmiskgrAAAADfz3GmpvaG5qanJfaURpc2suc3BhcnNlYnVuZGxlAAAAAAAAAAAAAAAAAAAAAAAAAAAAAAAAAAAAAAAAAAAAAAAAAAAXhS/JDAlDAAAAAAAAAAD/////AAAJIAAAAAAAAAAAAAAAAAAAAAwwMDI1MDBhMjZmNjQAEAAIAADIedryAAAAEQAIAADJDE+TAAAAAQAUAA389wAN/PYACojGAAqIxQAAfGwAAgBQTWFjaW50b3NoIEhEOlVzZXJzOkpvaG46TGlicmFyeTpGaWxlU3luYzowMDI1MDBhMjZmNjQ6am9obmpqcl9pRGlzay5zcGFyc2VidW5kbGUADgA2ABoAagBvAGgAbgBqAGoAcgBfAGkARABpAHMAawAuAHMAcABhAHIAcwBlAGIAdQBuAGQAbABlAA8AGgAMAE0AYQBjAGkAbgB0AG8AcwBoACAASABEABIAQ1VzZXJzL0pvaG4vTGlicmFyeS9GaWxlU3luYy8wMDI1MDBhMjZmNjQvam9obmpqcl9pRGlzay5zcGFyc2VidW5kbGUAABMAAS8AABUAAgAL//8AAAAWAAdqb2huampyAP//AADSHh8gIVgkY2xhc3Nlc1okY2xhc3NuYW1loyEiI11OU011dGFibGVEYXRhVk5TRGF0YVhOU09iamVjdF8QOi4uLy4uLy4uLy4uL1ZvbHVtZXMvam9obmpqci9Eb2N1bWVudHMvcGFwZXJzL00vMjY5MTE3Mi5wZGbSHh8mJ6InI1xOU0RpY3Rpb25hcnkACAARABoAHwApADIANwA6AD8AQQBTAFwAYgBpAHAAeACDAIUAiACKAIwAjwCRAJMAnQCqAK8AtwC5BAEEBgQPBBoEHgQsBDMEPAR5BH4EgQAAAAAAAAIBAAAAAAAAACgAAAAAAAAAAAAAAAAAAASO}}

@article{Furstenberg:1978kx,
	Author = {Furstenberg, H. and B. Weiss},
	Date-Added = {2010-11-21 23:44:55 -0500},
	Date-Modified = {2010-11-21 23:46:09 -0500},
	Journal = {Journal d'Analyse Math\'{e}matique},
	Pages = {61--85},
	Title = {Topological dynamics and combinatorial number theory},
	Volume = {34},
	Year = {1978}}

@article{Ramsey:1930uq,
	Author = {Ramsey, F.P.},
	Date-Added = {2010-11-21 22:39:05 -0500},
	Date-Modified = {2010-11-21 22:40:20 -0500},
	Journal = {Proceedings of the London Mathematical Society},
	Pages = {264--286},
	Title = {On a Problem of Formal Logic},
	Volume = {30},
	Year = {1930},
	Bdsk-File-1 = {YnBsaXN0MDDUAQIDBAUGCQpYJHZlcnNpb25UJHRvcFkkYXJjaGl2ZXJYJG9iamVjdHMSAAGGoNEHCFRyb290gAFfEA9OU0tleWVkQXJjaGl2ZXKoCwwXGBkdJCVVJG51bGzTDQ4PEBEUViRjbGFzc1dOUy5rZXlzWk5TLm9iamVjdHOAB6ISE4ACgAOiFRaABIAGWWFsaWFzRGF0YVxyZWxhdGl2ZVBhdGjSDRobHFdOUy5kYXRhgAVPEQPAAAAAAAPAAAIAAAdqb2huampyAAAAAAAAAAAAAAAAAAAAAAAAAADJDAlDSCsABQAAAJofUHJvYy4gTG9uZG9uIE1hdGguIFNvYy4jMjFFLnBkZgAAAAAAAAAAAAAAAAAAAAAAAAAAAAAAAAAAAAAAAAAAAAACHskPYGgAAAAAAAAAAP////8AAA0CAAAAAAAAAAAAAAAAAAAAAVIAABAACAAAyQxPkwAAABEACAAAyQ+muAAAAAEADAAAAJoAAAB/AAAARgACADpqb2huampyOkRvY3VtZW50czpwYXBlcnM6UjpQcm9jLiBMb25kb24gTWF0aC4gU29jLiMyMUUucGRmAA4AXgAuAFAAcgBvAGMALgAgAEwAbwBuAGQAbwBuACAATQBhAHQAaAAuACAAUwBvAGMALgAtADEAOQAzADAALQBSAGEAbQBzAGUAeQAtADIANgA0AC0AOAA2AC4AcABkAGYADwAQAAcAagBvAGgAbgBqAGoAcgASAEIvRG9jdW1lbnRzL3BhcGVycy9SL1Byb2MuIExvbmRvbiBNYXRoLiBTb2MuLTE5MzAtUmFtc2V5LTI2NC04Ni5wZGYAEwAQL1ZvbHVtZXMvam9obmpqcgAUAdoAAAAAAdoAAgABDE1hY2ludG9zaCBIRAAAAAAAAAAAAAAAAAAAAMh5orJIKwAAAA389xpqb2huampyX2lEaXNrLnNwYXJzZWJ1bmRsZQAAAAAAAAAAAAAAAAAAAAAAAAAAAAAAAAAAAAAAAAAAAAAAAAAAF4UvyQwJQwAAAAAAAAAA/////wAACSAAAAAAAAAAAAAAAAAAAAAMMDAyNTAwYTI2ZjY0ABAACAAAyHna8gAAABEACAAAyQxPkwAAAAEAFAAN/PcADfz2AAqIxgAKiMUAAHxsAAIAUE1hY2ludG9zaCBIRDpVc2VyczpKb2huOkxpYnJhcnk6RmlsZVN5bmM6MDAyNTAwYTI2ZjY0OmpvaG5qanJfaURpc2suc3BhcnNlYnVuZGxlAA4ANgAaAGoAbwBoAG4AagBqAHIAXwBpAEQAaQBzAGsALgBzAHAAYQByAHMAZQBiAHUAbgBkAGwAZQAPABoADABNAGEAYwBpAG4AdABvAHMAaAAgAEgARAASAENVc2Vycy9Kb2huL0xpYnJhcnkvRmlsZVN5bmMvMDAyNTAwYTI2ZjY0L2pvaG5qanJfaURpc2suc3BhcnNlYnVuZGxlAAATAAEvAAAVAAIAC///AAAAFgAHam9obmpqcgD//wAA0h4fICFYJGNsYXNzZXNaJGNsYXNzbmFtZaMhIiNdTlNNdXRhYmxlRGF0YVZOU0RhdGFYTlNPYmplY3RfEF0uLi8uLi8uLi8uLi9Wb2x1bWVzL2pvaG5qanIvRG9jdW1lbnRzL3BhcGVycy9SL1Byb2MuIExvbmRvbiBNYXRoLiBTb2MuLTE5MzAtUmFtc2V5LTI2NC04Ni5wZGbSHh8mJ6InI1xOU0RpY3Rpb25hcnkACAARABoAHwApADIANwA6AD8AQQBTAFwAYgBpAHAAeACDAIUAiACKAIwAjwCRAJMAnQCqAK8AtwC5BH0EggSLBJYEmgSoBK8EuAUYBR0FIAAAAAAAAAIBAAAAAAAAACgAAAAAAAAAAAAAAAAAAAUt}}

@article{Van-der-Waerden:1927fk,
	Author = {Van der Waerden, Bartel Leendert},
	Date-Added = {2010-11-21 22:31:30 -0500},
	Date-Modified = {2010-11-21 22:33:05 -0500},
	Journal = {Nieuw Archief voor Wiskunde},
	Pages = {212--216},
	Title = {Beweis einer Baudetschen Vermutung},
	Volume = {15},
	Year = {1927}}

@article{Graham:1974uq,
	Author = {Graham, R.L. and B.L. Rothschild},
	Date-Added = {2010-11-18 22:35:14 -0500},
	Date-Modified = {2010-11-18 22:36:20 -0500},
	Journal = {Proceedings of the American Mathematical Society},
	Month = {Feburary},
	Number = {2},
	Pages = {385--386},
	Title = {A Short Proof of van der Waerden's Theorem on Arithmetic Progressions},
	Volume = {42},
	Year = {1974}}

@book{Khinchin:1998fk,
	Author = {Khinchin, A.I.},
	Date-Added = {2010-11-18 22:27:36 -0500},
	Date-Modified = {2010-11-18 22:28:38 -0500},
	Publisher = {Dover Publications},
	Title = {Three Pearls of Number Theory},
	Year = {1998}}

@book{Furstenberg:1981fk,
	Author = {Furstenberg, H.},
	Date-Added = {2010-11-15 20:42:23 -0500},
	Date-Modified = {2010-11-15 20:43:39 -0500},
	Publisher = {Princeton University Press},
	Title = {Recurrence in Ergodic Theory and Combinatorial Number Theory},
	Year = {1981}}

@article{Furstenberg:1989kx,
	Author = {Furstenberg, H. and Y. Katznelson},
	Date-Added = {2010-11-09 15:53:44 -0500},
	Date-Modified = {2010-11-09 15:55:08 -0500},
	Journal = {Isreal Journal of Mathematics},
	Number = {3},
	Pages = {257--270},
	Read = {1},
	Title = {Idempotents in Compact Semigroups and Ramsey Theory},
	Volume = {68},
	Year = {1989},
	Bdsk-File-1 = {YnBsaXN0MDDUAQIDBAUGCQpYJHZlcnNpb25UJHRvcFkkYXJjaGl2ZXJYJG9iamVjdHMSAAGGoNEHCFRyb290gAFfEA9OU0tleWVkQXJjaGl2ZXKoCwwXGBkdJCVVJG51bGzTDQ4PEBEUViRjbGFzc1dOUy5rZXlzWk5TLm9iamVjdHOAB6ISE4ACgAOiFRaABIAGWWFsaWFzRGF0YVxyZWxhdGl2ZVBhdGjSDRobHFdOUy5kYXRhgAVPEQNIAAAAAANIAAIAAAdqb2huampyAAAAAAAAAAAAAAAAAAAAAAAAAADJDAlDSCsABQAAAIgMaWRlcm10aGUucGRmAAAAAAAAAAAAAAAAAAAAAAAAAAAAAAAAAAAAAAAAAAAAAAAAAAAAAAAAAAAAAAAAAAAAAAABXcj/HrQAAAAAAAAAAP////8AAA0CAAAAAAAAAAAAAAAAAAAAAUYAABAACAAAyQxPkwAAABEACAAAyP9lBAAAAAEADAAAAIgAAAB/AAAARgACACdqb2huampyOkRvY3VtZW50czpwYXBlcnM6RjppZGVybXRoZS5wZGYAAA4AGgAMAGkAZABlAHIAbQB0AGgAZQAuAHAAZABmAA8AEAAHAGoAbwBoAG4AagBqAHIAEgAgL0RvY3VtZW50cy9wYXBlcnMvRi9pZGVybXRoZS5wZGYAEwAQL1ZvbHVtZXMvam9obmpqcgAUAdoAAAAAAdoAAgABDE1hY2ludG9zaCBIRAAAAAAAAAAAAAAAAAAAAMh5orJIKwAAAA389xpqb2huampyX2lEaXNrLnNwYXJzZWJ1bmRsZQAAAAAAAAAAAAAAAAAAAAAAAAAAAAAAAAAAAAAAAAAAAAAAAAAAF4UvyQwJQwAAAAAAAAAA/////wAACSAAAAAAAAAAAAAAAAAAAAAMMDAyNTAwYTI2ZjY0ABAACAAAyHna8gAAABEACAAAyQxPkwAAAAEAFAAN/PcADfz2AAqIxgAKiMUAAHxsAAIAUE1hY2ludG9zaCBIRDpVc2VyczpKb2huOkxpYnJhcnk6RmlsZVN5bmM6MDAyNTAwYTI2ZjY0OmpvaG5qanJfaURpc2suc3BhcnNlYnVuZGxlAA4ANgAaAGoAbwBoAG4AagBqAHIAXwBpAEQAaQBzAGsALgBzAHAAYQByAHMAZQBiAHUAbgBkAGwAZQAPABoADABNAGEAYwBpAG4AdABvAHMAaAAgAEgARAASAENVc2Vycy9Kb2huL0xpYnJhcnkvRmlsZVN5bmMvMDAyNTAwYTI2ZjY0L2pvaG5qanJfaURpc2suc3BhcnNlYnVuZGxlAAATAAEvAAAVAAIAC///AAAAFgAHam9obmpqcgD//wAA0h4fICFYJGNsYXNzZXNaJGNsYXNzbmFtZaMhIiNdTlNNdXRhYmxlRGF0YVZOU0RhdGFYTlNPYmplY3RfEDsuLi8uLi8uLi8uLi9Wb2x1bWVzL2pvaG5qanIvRG9jdW1lbnRzL3BhcGVycy9GL2lkZXJtdGhlLnBkZtIeHyYnoicjXE5TRGljdGlvbmFyeQAIABEAGgAfACkAMgA3ADoAPwBBAFMAXABiAGkAcAB4AIMAhQCIAIoAjACPAJEAkwCdAKoArwC3ALkEBQQKBBMEHgQiBDAENwRABH4EgwSGAAAAAAAAAgEAAAAAAAAAKAAAAAAAAAAAAAAAAAAABJM=}}

@article{Burns:2007uq,
	Abstract = {\textsl{Central} sets were originally defined for subsets of $\mathbb{N}$ by Fursternberg using notions from topological dynamics, and he proved the powerful \textsl{Central Sets Theorem} for such sets. Subsequently, central sets in any semigroup $S$ were characterized as members of idempotents in the smallest ideal of $\beta S$, the Stone-\v{C}ech compactification of $S$. },
	Author = {Burns, Shea D. and Neil Hindman},
	Date-Added = {2010-11-09 15:25:11 -0500},
	Date-Modified = {2010-11-09 15:35:55 -0500},
	Journal = {Topology Proceedings},
	Keywords = {Quasi-central, recurrence},
	Number = {2},
	Pages = {445--455},
	Rating = {4},
	Title = {Quasi-Central Sets and their Dynamical Characterization},
	Volume = {31},
	Year = {2007},
	Bdsk-File-1 = {YnBsaXN0MDDUAQIDBAUGCQpYJHZlcnNpb25UJHRvcFkkYXJjaGl2ZXJYJG9iamVjdHMSAAGGoNEHCFRyb290gAFfEA9OU0tleWVkQXJjaGl2ZXKoCwwXGBkdJCVVJG51bGzTDQ4PEBEUViRjbGFzc1dOUy5rZXlzWk5TLm9iamVjdHOAB6ISE4ACgAOiFRaABIAGWWFsaWFzRGF0YVxyZWxhdGl2ZVBhdGjSDRobHFdOUy5kYXRhgAVPEQM8AAAAAAM8AAIAAAdqb2huampyAAAAAAAAAAAAAAAAAAAAAAAAAADJDAlDSCsABQAAAIAJcXVhc2kucGRmAAAAAAAAAAAAAAAAAAAAAAAAAAAAAAAAAAAAAAAAAAAAAAAAAAAAAAAAAAAAAAAAAAAAAAAAAAABMMjblmMAAAAAAAAAAP////8AAA0CAAAAAAAAAAAAAAAAAAAAAUIAABAACAAAyQxPkwAAABEACAAAyNvOowAAAAEADAAAAIAAAAB/AAAARgACACRqb2huampyOkRvY3VtZW50czpwYXBlcnM6QjpxdWFzaS5wZGYADgAUAAkAcQB1AGEAcwBpAC4AcABkAGYADwAQAAcAagBvAGgAbgBqAGoAcgASAB0vRG9jdW1lbnRzL3BhcGVycy9CL3F1YXNpLnBkZgAAEwAQL1ZvbHVtZXMvam9obmpqcgAUAdoAAAAAAdoAAgABDE1hY2ludG9zaCBIRAAAAAAAAAAAAAAAAAAAAMh5orJIKwAAAA389xpqb2huampyX2lEaXNrLnNwYXJzZWJ1bmRsZQAAAAAAAAAAAAAAAAAAAAAAAAAAAAAAAAAAAAAAAAAAAAAAAAAAF4UvyQwJQwAAAAAAAAAA/////wAACSAAAAAAAAAAAAAAAAAAAAAMMDAyNTAwYTI2ZjY0ABAACAAAyHna8gAAABEACAAAyQxPkwAAAAEAFAAN/PcADfz2AAqIxgAKiMUAAHxsAAIAUE1hY2ludG9zaCBIRDpVc2VyczpKb2huOkxpYnJhcnk6RmlsZVN5bmM6MDAyNTAwYTI2ZjY0OmpvaG5qanJfaURpc2suc3BhcnNlYnVuZGxlAA4ANgAaAGoAbwBoAG4AagBqAHIAXwBpAEQAaQBzAGsALgBzAHAAYQByAHMAZQBiAHUAbgBkAGwAZQAPABoADABNAGEAYwBpAG4AdABvAHMAaAAgAEgARAASAENVc2Vycy9Kb2huL0xpYnJhcnkvRmlsZVN5bmMvMDAyNTAwYTI2ZjY0L2pvaG5qanJfaURpc2suc3BhcnNlYnVuZGxlAAATAAEvAAAVAAIAC///AAAAFgAHam9obmpqcgD//wAA0h4fICFYJGNsYXNzZXNaJGNsYXNzbmFtZaMhIiNdTlNNdXRhYmxlRGF0YVZOU0RhdGFYTlNPYmplY3RfEDguLi8uLi8uLi8uLi9Wb2x1bWVzL2pvaG5qanIvRG9jdW1lbnRzL3BhcGVycy9CL3F1YXNpLnBkZtIeHyYnoicjXE5TRGljdGlvbmFyeQAIABEAGgAfACkAMgA3ADoAPwBBAFMAXABiAGkAcAB4AIMAhQCIAIoAjACPAJEAkwCdAKoArwC3ALkD+QP+BAcEEgQWBCQEKwQ0BG8EdAR3AAAAAAAAAgEAAAAAAAAAKAAAAAAAAAAAAAAAAAAABIQ=}}

@book{Hindman:1998fk,
	Author = {Hindman, Neil and Dona Strauss},
	Date-Added = {2010-11-09 11:47:58 -0500},
	Date-Modified = {2010-11-09 11:52:01 -0500},
	Keywords = {Compactifications, semigroup, Stone-\v{C}ech compactification, Ramsey theory, combinatorics, right topological semigroup, idempotent, ideal minimal ideal, smallest ideal, minimal idempotent},
	Number = {27},
	Publisher = {Walter de Gruyter},
	Rating = {4},
	Read = {0},
	Series = {De Gruyter expositions in mathematics},
	Title = {Algebra in the Stone-\v{C}ech Compactification},
	Year = {1998}}
